% Encoding: UTF-8

@Book{eco,
  author    = {Umberto Eco},
  title     = {Wie man eine wissenschaftliche Abschlußarbeit schreibt},
  year      = {2010},
  language  = {Deutsch},
  edition   = {13. Aufl.},
  publisher = {C. F. MÃ¼ller},
  pages     = {270},
  address   = {Heidelberg},
  timestamp = {2013.07.04},
}

@Book{kara,
  author    = {Matthias Karmasin and Rainer Ribing},
  title     = {Die Gestaltung wissenschaftlicher Arbeiten},
  year      = {2012},
  language  = {Deutsch},
  edition   = {7. Aufl.},
  publisher = {WUV UniversitÃ¤tsverlag},
  pages     = {166},
  address   = {Wien},
  timestamp = {2013.07.04},
}

@BOOK{kornmeier,
  title = {Wissenschaftlich schreiben leicht gemacht},
  publisher = {Haupt},
  year = {2012},
  author = {Martin Kornmeier},
  pages = {336},
  address = {Bern (u.a.)},
  edition = {5. Aufl.},
  language = {Deutsch},
  timestamp = {2013.07.04}
}

@Book{kraemer,
  author    = {Walter Krämer},
  title     = {Wie schreibe ich eine Seminar- oder Examensarbeit?},
  year      = {2009},
  language  = {Deutsch},
  edition   = {3. Aufl.},
  publisher = {Campus-Verlag},
  pages     = {189},
  address   = {Frankfurt am Main (u.a.)},
  month     = {September},
  timestamp = {2013.07.04},
}

@BOOK{stengel,
  title = {Vorsicht, Denkfehler!},
  publisher = {Uni-Edition},
  year = {2005},
  author = {Oliver Stengel},
  pages = {133},
  address = {Berlin},
  language = {Deutsch},
  timestamp = {2013.07.04}
}

@online{Dean2012,
	Author = {Dean, Jeff},
	Date-Added = {2012-03-05 11:28:31 +0000},
	Date-Modified = {2012-03-05 11:36:17 +0000},
	Keywords = {Google, ULS},
	Lastchecked = {05.03.2012},
	Title = {Software Engineering Advice from Building Large-Scale Distributes Systems},
	Url = {http://static.googleusercontent.com/external_content/untrusted_dlcp/research.google.com/de/people/jeff/stanford-295-talk.pdf},
	Urldate = {2012-03-05},
	Year = {2012},
}

@Comment{jabref-meta: databaseType:biblatex;}
